@article{atiyah,
  author = {M. F. Atiyah},
  journal = {},
  number = {200},
  title = {Bordism and Cobordism},
  volume = {},
  year = {1960}
}

@book{brocker,
  author = {Theodor Br\"ocker and Tammo tom Dieck},
  editor = {A. Dold and B. Eckmann},
  publisher = {Springer},
  title = {Kobordismentheorie},
  year = {1970}
}